<?xml version="1.0" encoding="UTF-8"?><collection xmlns="http://www.loc.gov/MARC21/slim"><record><leader>00528nam--2200193-i-4500</leader><controlfield tag="001">000006063</controlfield><controlfield tag="002">20161230</controlfield><controlfield tag="005">20161230201026</controlfield><controlfield tag="008">060222s1000------------r-----000-0-eng-d</controlfield><datafield ind1=" " ind2=" " tag="040"><subfield code="a">IFIN-HH</subfield></datafield><datafield ind1=" " ind2=" " tag="080"><subfield code="a">537.531</subfield></datafield><datafield ind1="1" ind2=" " tag="100"><subfield code="a">Clark, George L</subfield></datafield><datafield ind1="1" ind2="0" tag="245"><subfield code="a">Applied x-rays</subfield><subfield code="c">George l. clark</subfield></datafield><datafield ind1=" " ind2=" " tag="250"><subfield code="a">Third Edition Sixth Impression</subfield></datafield><datafield ind1=" " ind2=" " tag="260"><subfield code="a">New York</subfield><subfield code="b">Mcgraw-hill Book Company, Inc</subfield><subfield code="c">1940</subfield></datafield><datafield ind1=" " ind2=" " tag="300"><subfield code="a">IX + 843 P</subfield></datafield><datafield ind1=" " ind2=" " tag="490"><subfield code="a">International Series In Physics</subfield></datafield><datafield ind1=" " ind2=" " tag="852"><subfield code="a">137</subfield><subfield code="c">537.531</subfield></datafield><datafield ind1=" " ind2=" " tag="CAT"><subfield code="a">Sys</subfield><subfield code="c">20110805</subfield><subfield code="h">125456</subfield></datafield></record></collection>